<zs:record>
      <zs:recordPacking>xml</zs:recordPacking>
      <zs:recordData>
        <record xmlns="http://www.loc.gov/MARC21/slim">
          <leader>00501nz a2200133 4500</leader>
          <controlfield tag="001">30004562</controlfield>
          <controlfield tag="003">RISM</controlfield>
          <controlfield tag="005">20121108</controlfield>
          <controlfield tag="008">121108n||az|||||||##########||||||||||||</controlfield>
          <datafield tag="043" ind1=" " ind2=" ">
            <subfield code="c">Bosnia and Herzegovina</subfield>
          </datafield>
          <datafield tag="110" ind1="2" ind2=" ">
            <subfield code="a">Zemaljski muzej Bosne i Hercegovine, biblioteka &lt;Sarajevo&gt;</subfield>
            <subfield code="c">Sarajevo</subfield>
            <subfield code="g">BIH-SAzm</subfield>
          </datafield>
          <datafield tag="410" ind1="2" ind2=" ">
            <subfield code="a">The National Museum of Bosnis and Herzegovina</subfield>
          </datafield>
          <datafield tag="622" ind1=" " ind2=" ">
            <subfield code="e">Zemaljski muzej Bosne i Hercegovine,, biblioteka, Vojvode Putnika 7, BiH-71000
              Sarajevo</subfield>
            <subfield code="u">http://www.zemaljskimuzej.ba</subfield>
          </datafield>
          <datafield tag="852" ind1="2" ind2=" ">
            <subfield code="b">43.8476, 18.3564</subfield>
          </datafield>
          <idzebra xmlns="http://www.indexdata.dk/zebra/">
            <size>501</size>
            <score>788</score>
            <localnumber>835820</localnumber>
            <filename>sigla/sigla.mrc</filename>
          </idzebra>
        </record>
      </zs:recordData>
      <zs:recordPosition>9</zs:recordPosition>
    </zs:record></zs:records>
</zs:searchRetrieveResponse>
